@book{bpmn,
author = {Bruce Silver},
title = {BMPN Method Style},
publisher = {Cody-Cassidy Press},
year = {2011},
edition = {2nd}
}

@misc{google:zeitgeist,
author = {Google},
title = {Google {Z}eitgeist 2011 - {N}orway Top Searches},
howpublished = {\url{http://www.googlezeitgeist.com/en/top-lists/no/top-searches}},
note = {[Online; accessed 02. May 2013]}
}